<?xml version="1.0" encoding="UTF-8"?><record xmlns="http://www.loc.gov/MARC21/slim" xmlns:cinclude="http://apache.org/cocoon/include/1.0" xmlns:zs="http://www.loc.gov/zing/srw/">
  <leader>00583cz  a2200169n  4500</leader>
  <controlfield tag="001">no 97022650 </controlfield>
  <controlfield tag="003">DLC</controlfield>
  <controlfield tag="005">20031107102349.0</controlfield>
  <controlfield tag="008">970410n| acannaab           |n aaa     c</controlfield>
  <datafield tag="010" ind1=" " ind2=" ">
    <subfield code="a">no 97022650 </subfield>
  </datafield>
  <datafield tag="035" ind1=" " ind2=" ">
    <subfield code="a">(OCoLC)oca04315207</subfield>
  </datafield>
  <datafield tag="040" ind1=" " ind2=" ">
    <subfield code="a">MoWgW</subfield>
    <subfield code="c">MoWgW</subfield>
    <subfield code="d">DLC</subfield>
  </datafield>
  <datafield tag="100" ind1="1" ind2=" ">
    <subfield code="a">Cochran, Andrew,</subfield>
    <subfield code="d">1952-</subfield>
  </datafield>
  <datafield tag="670" ind1=" " ind2=" ">
    <subfield code="a">Using the Internet [VR], 1996:</subfield>
    <subfield code="b">credits (producer, Andrew Cochran)</subfield>
  </datafield>
  <datafield tag="670" ind1=" " ind2=" ">
    <subfield code="a">Man-Kong, Mary. Theodore's whistle, c1998.</subfield>
  </datafield>
  <datafield tag="670" ind1=" " ind2=" ">
    <subfield code="a">U.S. Copyright Office files, Nov. 7, 2003</subfield>
    <subfield code="b">(Cochran, Andrew; Cochran, Andrew, 1952-)</subfield>
  </datafield>
  <datafield tag="670" ind1=" " ind2=" ">
    <subfield code="a">IMDb, Nov. 7, 2003</subfield>
    <subfield code="b">(Andrew Cochran)</subfield>
  </datafield>
</record>